@article{baillard2011efigi,
  title={The EFIGI catalogue of 4458 nearby galaxies with detailed morphology},
  author={Baillard, Anthony and Bertin, Emmanuel and De Lapparent, Val{\'e}rie and Fouqu{\'e}, Pascal and Arnouts, St{\'e}phane and Mellier, Yannick and Pell{\'o}, Roser and Leborgne, J-F and Prugniel, Philippe and Makarov, Dmitry and others},
  journal={Astronomy \& Astrophysics},
  volume={532},
  pages={A74},
  year={2011},
  publisher={EDP Sciences}
}